<record xmlns="http://www.loc.gov/MARC21/slim">
   <leader>02702cam a2200613 i 4500</leader>
   <controlfield tag="001">6812678</controlfield>
   <controlfield tag="003">OCoLC</controlfield>
   <controlfield tag="005">20150216150216.0</controlfield>
   <controlfield tag="008">141107t20152015enkab    b    001 0 eng d</controlfield>
   <datafield ind1=" " ind2=" " tag="020">
      <subfield code="a">1906764220</subfield>
      <subfield code="q">paperback</subfield>
   </datafield>
   <datafield ind1=" " ind2=" " tag="020">
      <subfield code="a">9781906764227</subfield>
      <subfield code="q">paperback</subfield>
   </datafield>
   <datafield ind1=" " ind2=" " tag="020">
      <subfield code="a">9781906764210</subfield>
      <subfield code="q">cloth</subfield>
   </datafield>
   <datafield ind1=" " ind2=" " tag="020">
      <subfield code="a">1906764212</subfield>
      <subfield code="q">cloth</subfield>
   </datafield>
   <datafield ind1=" " ind2=" " tag="035">
      <subfield code="a">ocn894738771</subfield>
   </datafield>
   <datafield ind1=" " ind2=" " tag="040">
      <subfield code="a">YDXCP</subfield>
      <subfield code="b">eng</subfield>
      <subfield code="e">rda</subfield>
      <subfield code="c">YDXCP</subfield>
      <subfield code="d">CDX</subfield>
      <subfield code="d">QGK</subfield>
      <subfield code="d">OCLCQ</subfield>
      <subfield code="d">OCLCO</subfield>
      <subfield code="d">CUV</subfield>
      <subfield code="d">OCLCO</subfield>
      <subfield code="d">SYB</subfield>
      <subfield code="d">UAB</subfield>
      <subfield code="d">AEU</subfield>
   </datafield>
   <datafield ind1=" " ind2=" " tag="043">
      <subfield code="a">e-pl---</subfield>
   </datafield>
   <datafield ind1=" " ind2="4" tag="050">
      <subfield code="a">DS135.P6</subfield>
      <subfield code="b">J49 2015</subfield>
   </datafield>
   <datafield ind1="0" ind2="4" tag="082">
      <subfield code="a">943.8/03</subfield>
      <subfield code="2">23</subfield>
   </datafield>
   <datafield ind1=" " ind2=" " tag="090">
      <subfield code="a">DS 135 P6 J4972 2015</subfield>
      <subfield code="b">AEU</subfield>
   </datafield>
   <datafield ind1="0" ind2="0" tag="245">
      <subfield code="a">Jews in the Kingdom of Poland, 1815-1918 /</subfield>
      <subfield code="c">edited by Glenn Dynner, Antony Polonsky and Marcin Wodziński.</subfield>
   </datafield>
   <datafield ind1=" " ind2="1" tag="264">
      <subfield code="a">Oxford ;</subfield>
      <subfield code="a">Portland, Oregon :</subfield>
      <subfield code="b">The Littman Library of Jewish Civilization,</subfield>
      <subfield code="c">2015.</subfield>
   </datafield>
   <datafield ind1=" " ind2="4" tag="264">
      <subfield code="c">©2015</subfield>
   </datafield>
   <datafield ind1=" " ind2=" " tag="300">
      <subfield code="a">xii, 498 pages :</subfield>
      <subfield code="b">illustrations, map ;</subfield>
      <subfield code="c">24 cm.</subfield>
   </datafield>
   <datafield ind1=" " ind2=" " tag="336">
      <subfield code="a">text</subfield>
      <subfield code="b">txt</subfield>
      <subfield code="2">rdacontent</subfield>
   </datafield>
   <datafield ind1=" " ind2=" " tag="337">
      <subfield code="a">unmediated</subfield>
      <subfield code="b">n</subfield>
      <subfield code="2">rdamedia</subfield>
   </datafield>
   <datafield ind1=" " ind2=" " tag="338">
      <subfield code="a">volume</subfield>
      <subfield code="b">nc</subfield>
      <subfield code="2">rdacarrier</subfield>
   </datafield>
   <datafield ind1="1" ind2=" " tag="490">
      <subfield code="a">Polin : studies in Polish Jewry,</subfield>
      <subfield code="x">0268-1056 ;</subfield>
      <subfield code="v">volume 27</subfield>
   </datafield>
   <datafield ind1="1" ind2=" " tag="490">
      <subfield code="a">The Littman Library of Jewish Civilization</subfield>
   </datafield>
   <datafield ind1=" " ind2=" " tag="500">
      <subfield code="a">"Published for the Institute for Polish-Jewish Studies and the American Association for Polish-Jewish Studies."</subfield>
   </datafield>
   <datafield ind1=" " ind2=" " tag="504">
      <subfield code="a">Includes bibliographical references and index.</subfield>
   </datafield>
   <datafield ind1=" " ind2=" " tag="596">
      <subfield code="a">43</subfield>
   </datafield>
   <datafield ind1=" " ind2="0" tag="650">
      <subfield code="a">Jews</subfield>
      <subfield code="z">Poland</subfield>
      <subfield code="x">History</subfield>
      <subfield code="y">19th century.</subfield>
   </datafield>
   <datafield ind1=" " ind2="0" tag="650">
      <subfield code="a">Jews</subfield>
      <subfield code="z">Poland</subfield>
      <subfield code="x">History</subfield>
      <subfield code="y">20th century.</subfield>
   </datafield>
   <datafield ind1=" " ind2="0" tag="650">
      <subfield code="a">Jews</subfield>
      <subfield code="z">Poland</subfield>
      <subfield code="x">Social conditions</subfield>
      <subfield code="x">History.</subfield>
   </datafield>
   <datafield ind1=" " ind2="0" tag="650">
      <subfield code="a">Antisemitism</subfield>
      <subfield code="z">Poland</subfield>
      <subfield code="x">History.</subfield>
   </datafield>
   <datafield ind1=" " ind2="0" tag="650">
      <subfield code="a">Jews</subfield>
      <subfield code="x">Persecutions</subfield>
      <subfield code="z">Poland</subfield>
      <subfield code="x">History.</subfield>
   </datafield>
   <datafield ind1=" " ind2="0" tag="650">
      <subfield code="a">Jews</subfield>
      <subfield code="z">Poland</subfield>
      <subfield code="x">Social life and customs</subfield>
      <subfield code="x">History.</subfield>
   </datafield>
   <datafield ind1=" " ind2="0" tag="650">
      <subfield code="a">Nationalism</subfield>
      <subfield code="z">Poland</subfield>
      <subfield code="x">History.</subfield>
   </datafield>
   <datafield ind1=" " ind2="0" tag="650">
      <subfield code="a">Jews</subfield>
      <subfield code="x">Legal status, laws, etc.</subfield>
      <subfield code="z">Poland</subfield>
      <subfield code="x">History.</subfield>
   </datafield>
   <datafield ind1=" " ind2="0" tag="650">
      <subfield code="a">Social integration</subfield>
      <subfield code="z">Poland</subfield>
      <subfield code="x">History.</subfield>
   </datafield>
   <datafield ind1=" " ind2="0" tag="650">
      <subfield code="a">Jews</subfield>
      <subfield code="x">Cultural assimilation</subfield>
      <subfield code="z">Poland</subfield>
      <subfield code="x">History.</subfield>
   </datafield>
   <datafield ind1=" " ind2="0" tag="650">
      <subfield code="a">Jews</subfield>
      <subfield code="x">Political activity</subfield>
      <subfield code="z">Poland</subfield>
      <subfield code="x">History.</subfield>
   </datafield>
   <datafield ind1=" " ind2="0" tag="651">
      <subfield code="a">Poland</subfield>
      <subfield code="x">Ethnic relations.</subfield>
   </datafield>
   <datafield ind1=" " ind2="0" tag="651">
      <subfield code="a">Poland</subfield>
      <subfield code="x">Politics and government</subfield>
      <subfield code="x">History.</subfield>
   </datafield>
   <datafield ind1="1" ind2=" " tag="700">
      <subfield code="a">Dynner, Glenn,</subfield>
      <subfield code="d">1969-</subfield>
      <subfield code="e">editor.</subfield>
   </datafield>
   <datafield ind1="1" ind2=" " tag="700">
      <subfield code="a">Polonsky, Antony,</subfield>
      <subfield code="e">editor.</subfield>
   </datafield>
   <datafield ind1="1" ind2=" " tag="700">
      <subfield code="a">Wodziński, Marcin,</subfield>
      <subfield code="e">editor.</subfield>
   </datafield>
   <datafield ind1="2" ind2=" " tag="710">
      <subfield code="a">Institute for Polish-Jewish Studies (Oxford, England),</subfield>
      <subfield code="e">publisher,</subfield>
      <subfield code="e">sponsoring body.</subfield>
   </datafield>
   <datafield ind1="2" ind2=" " tag="710">
      <subfield code="a">American Association for Polish-Jewish Studies,</subfield>
      <subfield code="e">publisher,</subfield>
      <subfield code="e">sponsoring body.</subfield>
   </datafield>
   <datafield ind1="2" ind2=" " tag="710">
      <subfield code="a">Littman Library of Jewish Civilization,</subfield>
      <subfield code="e">publisher.</subfield>
   </datafield>
   <datafield ind1=" " ind2="0" tag="830">
      <subfield code="a">Polin (Series) ;</subfield>
      <subfield code="v">27.</subfield>
      <subfield code="x">0268-1056</subfield>
   </datafield>
   <datafield ind1=" " ind2="0" tag="830">
      <subfield code="a">Littman library of Jewish civilization (Series)</subfield>
   </datafield>
   <datafield ind1=" " ind2=" " tag="949">
      <subfield code="a">DS 135 P6 J4972 2015</subfield>
      <subfield code="h">UAHS-B</subfield>
      <subfield code="i">0162035243532</subfield>
   </datafield>
   <datafield ind1=" " ind2=" " tag="926">
      <subfield code="a">DS 135 P6 J4972 2015</subfield>
      <subfield code="w">LC</subfield>
      <subfield code="c">1</subfield>
      <subfield code="i">0162035243532</subfield>
      <subfield code="l">ON_SHELF</subfield>
      <subfield code="m">UAHSS</subfield>
      <subfield code="p">$150.00</subfield>
      <subfield code="r">Y</subfield>
      <subfield code="s">Y</subfield>
      <subfield code="t">BOOK</subfield>
      <subfield code="u">2/26/2015</subfield>
   </datafield>
</record>
